@inproceedings{oevermann2024roboball,
  title={RoboBall: An All-Terrain Spherical Robot with a Pressurized Shell},
  author={\textbf{Micah Oevermann} and Pravecek, Derek and Jibrail, Garrett and Jangale, Rishi and Ambrose, Robert O},
  booktitle={2024 IEEE International Conference on Robotics and Automation (ICRA)},
  pages={13502--13508},
  year={2024},
  organization={IEEE}
}

@inproceedings{oevermann2024soft,
  title={A Soft Spherical Robot for Lunar Crater Exploration},
  author={\textbf{Micah Oevermann} and Dravid, Meghali Prashant and Jibrail, Garrett and Janak, Jared and Jangale, Rishi and McDougall, David and Dugas, David and Ambrose, Robert O},
  booktitle={AIAA SCITECH 2024 Forum},
  pages={1961},
  year={2024}
}

@ARTICLE{Pravecek2025Empirical,
  author={Pravecek, Derek J. and \textbf{Micah J. Oevermann} and Thomas, Gray C. and Ambrose, Robert O.},
  journal={IEEE Robotics and Automation Letters}, 
  title={Empirically Compensated Setpoint Tracking for Spherical Robots With Pressurized Soft-Shells}, 
  year={2025},
  volume={10},
  number={3},
  pages={2136-2143},
  keywords={Vehicle dynamics;Mathematical models;Mobile robots;Solid modeling;Torque;Steady-state;Pneumatic systems;Tires;Nonlinear dynamical systems;Kinematics;Field robots;optimization and optimal control;contact modeling},
  doi={10.1109/LRA.2025.3527308}}

@INPROCEEDINGS{Dravid2024IROS,
  author={Dravid, Meghali Prashant and \textbf{Micah Oevermann} and McDougall, David and Dugas, David and Ambrose, Robert},
  booktitle={2024 IEEE/RSJ International Conference on Intelligent Robots and Systems (IROS)}, 
  title={Design of a Soft Shell for a Spherical Exploration Robot Traversing Varying Terrain}, 
  year={2024},
  volume={},
  number={},
  pages={10939-10944},
  keywords={Legged locomotion;Power demand;Navigation;Wheels;Soil;Robot sensing systems;Sensor systems;Robots;Intelligent sensors;Intelligent robots},
  doi={10.1109/IROS58592.2024.10802644}}

@INPROCEEDINGS{Oevermann2025UR,
  author={\textbf{Micah Oevermann} and Dravid, Meghali Prashant and Prevecek, Derek and Oljenik, Will and Ambrose, Robert},
  booktitle={2025 Conference on Ubiquoutous Robotics (UR)}, 
  title={A Pressure Model and Control System for a Pressurized Pendulum Driven Spherical Robot}, 
  year={2025},
  volume={},
  number={},
  pages={}}
