@inproceedings{Oevermann2024Roboball,
  title = {Roboball: An all-terrain spherical robot with a pressurized shell},
  author = {\textbf{Micah Oevermann} and Derek Pravecek and Garrett Jibrail and Rishi Jangale and Robert O Ambrose},
  year = {2024},
  pages = {13502-13508},
  publisher = {IEEE},
}

@inproceedings{Oevermann2024Soft,
  title = {A Soft Spherical Robot for Lunar Crater Exploration},
  author = {\textbf{Micah Oevermann} and Meghali Prashant Dravid and Garrett Jibrail and Jared Janak and Rishi Jangale and David McDougall and David Dugas and Robert O Ambrose},
  year = {2024},
  pages = {1961},
}

@inproceedings{Dravid2024Design,
  title = {Design of a Soft Shell for a Spherical Exploration Robot Traversing Varying Terrain},
  author = {Meghali Prashant Dravid and \textbf{Micah Oevermann} and David McDougall and David Dugas and Robert Ambrose},
  year = {2024},
  pages = {10939-10944},
  publisher = {IEEE},
}

@inproceedings{Oevermann2025Pressure,
  title = {A Pressure Model and Control System for a Pressurized Pendulum Driven Spherical Robot},
  author = {\textbf{Micah J Oevermann} and Meghali P Dravid and Derek J Pravecek and Will Olejnik and Robert O Ambrose},
  year = {2025},
  pages = {426-431},
  publisher = {IEEE},
}

@inproceedings{Jangale2025Scaling,
  title = {Scaling of RoboBall: A Parametric Robot Family for Crater Exploration},
  author = {Rishi V Jangale and Aaron Villanueva and Garrett Jibrail and \textbf{Micah J Oevermann} and Derek J Pravecek and Meghali P Dravid and Robert O Ambrose},
  year = {2025},
  pages = {1-8},
  publisher = {IEEE},
}

