@article{Pravecek2025Empirically,
  title = {Empirically Compensated Setpoint Tracking for Spherical Robots With Pressurized Soft-Shells},
  author = {Derek J Pravecek and \textbf{Micah J Oevermann} and Gray C Thomas and Robert O Ambrose},
  year = {2025},
  publisher = {IEEE},
}

