@misc{Oevermann2023IMC,
    author = {\textbf{Micah Oevermann} and Meghali Dravid and Garrett Jibrail and Robert Ambrose},
    booktitle = {OSU International Mechatronics Conference and Exposition},
    title = {Design and Dynamics of Rugged Soft Shells for a Pendulum-Driven Spherical Robot},
    year = {2023}
}

@misc{Ambrose2023ASCEND,
    author = {Robert Ambrose and \textbf{Micah Oevermann} and Meghali Dravid and Garrett Jibrail},
    title = {Persistent intelligence, Surveillance and Reconnaissance for the Lunar Surface},
    booktitle = {AIAA ASCEND Conference},
    year = {2023}
}

@misc{Dravid2024ASCE,
    author = {Meghali Dravid and \textbf{Micah Oevermann} and Robert Ambrose},
    booktitle = {ASCE Space and Earth Conference},
    title = {A System for Exploring Craters and Shadowed Regions of the Lunar South Pole},
    year = {2024}
}

@misc{Jangale2024ICRA40,
    author = {Rishi Jangale and \textbf{Micah Oevermann} and Garrett Jibrail and Derek Pravecek and Meghali Dravid and Aaron Villanueva and Robert Ambrose},
    booktitle = {40th Anniversary of the IEEE International Conference on Robotics and Automation},
    title = {RoboBall Recap: Past, Current, and Future Inflatable Spherical Robots},
    year = {2024}
}